<record xmlns="http://www.loc.gov/MARC21/slim" xmlns:xsi="http://www.w3.org/2001/XMLSchema-instance" xsi:schemaLocation="http://www.loc.gov/MARC21/slim http://www.loc.gov/standards/marcxml/schema/MARC21slim.xsd"><leader>02407nam a2200445   4500</leader><controlfield tag="001">3525895</controlfield><controlfield tag="003">NIC</controlfield><controlfield tag="006">m        d        </controlfield><controlfield tag="007">cr cn |||m|||a</controlfield><controlfield tag="008">150113s1970    iq ch   ob    000 0 arard</controlfield><datafield ind1=" " ind2=" " tag="040"><subfield code="a">NNU</subfield><subfield code="b">eng</subfield><subfield code="e">rda</subfield><subfield code="c">NNU</subfield></datafield><datafield ind1="1" ind2="4" tag="050"><subfield code="a">PJ6064.A5</subfield><subfield code="b">S17</subfield></datafield><datafield ind1="1" ind2=" " tag="100"><subfield code="6">880-01</subfield><subfield code="a">Sa&#772;marra&#772;&#700;i&#772;, &#699;A&#772;mir Rashi&#772;d.</subfield></datafield><datafield ind1="1" ind2="3" tag="245"><subfield code="6">880-02</subfield><subfield code="a">al-A&#772;b Anista&#772;s Ma&#772;ri&#772; al-Kirmili&#772; /</subfield><subfield code="c">bi-qalam &#699;A&#772;mir Rashi&#772;d al-Sa&#772;marra&#772;&#700;i&#772;.</subfield></datafield><datafield ind1=" " ind2=" " tag="260"><subfield code="6">880-03</subfield><subfield code="a">[Baghda&#772;d] :</subfield><subfield code="b">Mudi&#772;ri&#772;yat al-Thaqa&#772;fah al-&#699;A&#772;mmah,</subfield><subfield code="c">1970.</subfield></datafield><datafield ind1=" " ind2=" " tag="300"><subfield code="a">online resource (18, pages) :</subfield><subfield code="b">portrait, facsimile</subfield></datafield><datafield ind1=" " ind2=" " tag="336"><subfield code="a">text</subfield><subfield code="2">rdacontent</subfield></datafield><datafield ind1=" " ind2=" " tag="337"><subfield code="a">computer</subfield><subfield code="2">rdamedia</subfield></datafield><datafield ind1=" " ind2=" " tag="338"><subfield code="a">online resource</subfield><subfield code="2">rdacarrier</subfield></datafield><datafield ind1="1" ind2=" " tag="490"><subfield code="6">880-04</subfield><subfield code="a">Silsilat al-kutub al-h&#803;adi&#772;thah ;</subfield><subfield code="v">30</subfield></datafield><datafield ind1=" " ind2=" " tag="500"><subfield code="a">List of works by Anasta&#772;s Mari&#772;: p. 11-15.</subfield></datafield><datafield ind1=" " ind2=" " tag="500"><subfield code="a">Part of the Arabic Collections Online (ACO) project, contributed by Cornell University Libraries.</subfield></datafield><datafield ind1=" " ind2=" " tag="504"><subfield code="a">Includes bibliographical references.</subfield></datafield><datafield ind1=" " ind2=" " tag="533"><subfield code="a">Electronic reproduction.</subfield><subfield code="b">New York, N.Y. :</subfield><subfield code="c">New York University,</subfield><subfield code="d">2015.</subfield><subfield code="5">NNU</subfield></datafield><datafield ind1="0" ind2="0" tag="600"><subfield code="6">880-05</subfield><subfield code="a">Anista&#772;s Ma&#772;ri&#772;,</subfield><subfield code="c">al-Karmili&#772;, ab,</subfield><subfield code="d">1866-1947.</subfield></datafield><datafield ind1="0" ind2="7" tag="600"><subfield code="a">Anista&#772;s Ma&#772;ri&#772;,</subfield><subfield code="c">al-Karmili&#772;, ab,</subfield><subfield code="d">1866-1947</subfield><subfield code="2">fast</subfield><subfield code="0">(OCoLC)fst00274796</subfield></datafield><datafield ind1="2" ind2=" " tag="710"><subfield code="a">Cornell University.</subfield><subfield code="b">Libraries.</subfield></datafield><datafield ind1="0" ind2=" " tag="730"><subfield code="a">Arabic Collections Online.</subfield></datafield><datafield ind1="0" ind2="8" tag="776"><subfield code="i">Online version:</subfield><subfield code="a">Sa&#772;marra&#772;&#700;i&#772;, &#699;A&#772;mir Rashi&#772;d.</subfield><subfield code="t">Ab Anasta&#772;s Ma&#772;ri&#772; al-Kirmili&#772;.</subfield><subfield code="d">[Baghdad] : Mudi&#772;ri&#772;yat al-Thaqa&#772;fah al-&#699;A&#772;mmah, 1970</subfield><subfield code="w">(OCoLC)569196965</subfield></datafield><datafield ind1="0" ind2="8" tag="776"><subfield code="i">Print version:</subfield><subfield code="a">Sa&#772;marra&#772;&#700;i&#772;, &#699;A&#772;mir Rashi&#772;d.</subfield><subfield code="t">al-A&#772;b Anista&#772;s Ma&#772;ri&#772; al-Kirmili&#772;</subfield><subfield code="w">(NIC)3525895</subfield><subfield code="w">(DLC)   78255775 </subfield><subfield code="w">(OCoLC)17235532</subfield></datafield><datafield ind1=" " ind2="0" tag="830"><subfield code="6">880-06</subfield><subfield code="a">Silsilat al-kutub al-h&#803;adi&#772;thah ;</subfield><subfield code="v">30.</subfield></datafield><datafield ind1="4" ind2="0" tag="856"><subfield code="u">http://hdl.handle.net/2333.1/p5hqc1wv</subfield></datafield><datafield ind1="1" ind2=" " tag="880"><subfield code="6">100-01/r</subfield><subfield code="a">&#1587;&#1575;&#1605;&#1585;&#1575;&#1574;&#1610;&#1548; &#1593;&#1575;&#1605;&#1585; &#1585;&#1588;&#1610;&#1583;.</subfield></datafield><datafield ind1="1" ind2="2" tag="880"><subfield code="6">245-02/r</subfield><subfield code="a">&#1575;&#1604;&#1575;&#1576; &#1575;&#1606;&#1587;&#1578;&#1575;&#1587; &#1605;&#1575;&#1585;&#1610; &#1575;&#1604;&#1603;&#1585;&#1605;&#1604;&#1610; /</subfield><subfield code="c">&#1576;&#1602;&#1604;&#1605; &#1593;&#1575;&#1605;&#1585; &#1585;&#1588;&#1610;&#1583; &#1575;&#1604;&#1587;&#1575;&#1605;&#1585;&#1575;&#1574;&#1610;.</subfield></datafield><datafield ind1=" " ind2=" " tag="880"><subfield code="6">260-03/r</subfield><subfield code="a">[&#1576;&#1594;&#1583;&#1575;&#1583;] :</subfield><subfield code="b">&#1605;&#1583;&#1610;&#1585;&#1610;&#1577; &#1575;&#1604;&#1579;&#1602;&#1575;&#1601;&#1577; &#1575;&#1604;&#1593;&#1575;&#1605;&#1577;&#1548;</subfield><subfield code="c">&#1633;&#1641;&#1639;&#1632;.</subfield></datafield><datafield ind1="1" ind2=" " tag="880"><subfield code="6">490-04/r</subfield><subfield code="a">&#1587;&#1604;&#1587;&#1604;&#1577; &#1575;&#1604;&#1603;&#1578;&#1576; &#1575;&#1604;&#1581;&#1583;&#1610;&#1579;&#1577; &#1563;</subfield><subfield code="v">30</subfield></datafield><datafield ind1="0" ind2="4" tag="880"><subfield code="6">600-05/r</subfield><subfield code="a">&#1575;&#1606;&#1587;&#1578;&#1575;&#1587; &#1605;&#1575;&#1585;&#1610;&#1548;</subfield><subfield code="c">&#1575;&#1604;&#1603;&#1585;&#1605;&#1604;&#1610;&#1548; &#1575;&#1576;&#1548;,</subfield><subfield code="d">1866-1947.</subfield></datafield><datafield ind1=" " ind2="0" tag="880"><subfield code="6">830-06/r</subfield><subfield code="a">&#1587;&#1604;&#1587;&#1604;&#1577; &#1575;&#1604;&#1603;&#1578;&#1576; &#1575;&#1604;&#1581;&#1583;&#1610;&#1579;&#1577; &#1563; ;</subfield><subfield code="v">30.</subfield></datafield><datafield ind1=" " ind2=" " tag="959"><subfield code="a">NNU</subfield><subfield code="b">WEB</subfield><subfield code="c">GENI</subfield><subfield code="t">0</subfield><subfield code="m">Electronic access</subfield><subfield code="s">01</subfield></datafield><datafield ind1=" " ind2=" " tag="999"><subfield code="i">NIC_3525895</subfield><subfield code="o">(OCoLC)ocm17235532 </subfield></datafield></record>